
% Task1_Irene
@article{question_1.1,
  author    = {Angus Eugene Retallack and Bertram Ostendorf},
  title     = {Relationship Between Traffic Volume and Accident Frequency at Intersections.},
  journal   = {International Journal of Environmental Research and Public Health, 17(4), 1393},
  year      = {2020},
  doi       = {10.3390/ijerph17041393},
  url       = {https://doi.org/10.3390/ijerph17041393}
}

@article{question_1.2,
  author={Fisa,Ronald and Musukuma,Mwiche and Sampa,Mutale and Musonda,Patrick and Young,Taryn},
  year={2022},
  month={Mar 16},
  title={Effects of interventions for preventing road traffic crashes: an overview of systematic reviews.},
  journal={BMC public health, 22(1), 513},
  doi = {10.1186/s12889-021-12253-y},
  url={https://doi.org/10.1186/s12889-021-12253-y}
}

%========================================================================%Task2_% Task2_Irene
@article{question_2.1,
  author = {Rosenbaum, Mark S. and Otalora, Maria L. and Ramírez, Gloria C.},
  year = {2017},
  title = {How to create a realistic customer journey map.},
  journal = {Business Horizons, 60(1), 143--150},
  doi = {10.1016/j.bushor.2016.09.010},
  url = {https://doi.org/10.1016/j.bushor.2016.09.010},
}

@article{question_2.2,
  author    = {C. Bradley and L. Oliveira and S. Birrell and R. Cain},
  title     = {A New Perspective on Personas and Customer Journey Maps: Proposing Systemic UX.},
  journal   = {International Journal of Human-Computer Studies, 148, 102583-},
  year      = {2021},
  doi       = {10.1016/j.ijhcs.2021.102583},
  url       = {https://doi.org/10.1016/j.ijhcs.2021.102583}
}

@article{question_2.4,
  author = {P. Sinansari and S. H. Salsabila and S. Hanoum and A. Lopatka and W. Wlodarski},
  year = {2023},
  title = {Identify Customer Element Through Empathy Map and User Persona.},
  journal = {Business Horizons. 60(1), 143--150},
  doi       = {10.1016/j.procs.2023.10.411},
  url       = {https://doi.org/10.1016/j.procs.2023.10.411}
}

%========================================================================
%Task3_Jin
% Joint Value proposition
@article{Ref2.1,
  title={\textit{The joint value proposition of business ecosystems: A consumer's perspective.}},
  author={Schlecht, Laura and Schneider, Sabrina},
  booktitle={ISPIM Conference Proceedings},
  year={2019},
  organization={The International Society for Professional Innovation Management (ISPIM)}
}

@article{Ref3.1,
title = {The impact of project portfolio management on information technology projects.},
journal = {International Journal of Project Management. 23(7), 524--537},
year = {2005},
issn = {0263-7863},
doi = {https://doi.org/10.1016/j.ijproman.2005.02.003},
url = { https://doi.org/10.1016/j.ijproman.2005.02.003},
author = {Bert De Reyck and Yael Grushka-Cockayne and Martin Lockett and Sergio Ricardo Calderini and Marcio Moura and Andrew Sloper}
}


@article{Ref3.2,
  author       = {Flyvbjerg, Bent and Budzier, Alexander},
  title        = {Why Your IT Project May Be Riskier Than You Think.},
  journal      = {Harvard Business Review 89(9)},
  year         = {2011},
  url          = {https://doi.org/10.2139/ssrn.2229735},
}


%========================================================================
%Task5_Pip

@article{task_5.1,
    author = {Shang, Y. and Jiang, J. and Zhang, Y. and Zhang, R. and Liu, P.},
    title = {When does a freemium business model lead to high performance? -- A qualitative comparative analysis based on fuzzy Sets.},
    journal = {Heliyon, 10(3), e25149--e25149},
    year = {2024},
    doi = {10.1016/j.heliyon.2024.e25149},
    url = {https://doi.org/10.1016/j.heliyon.2024.e25149},
}

@article {task_5.2,
    author = {Jane Eslabra},
    title = {5 Proven Mobile App Monetization Models to Generate Revenue (2024).},
    year = {2024},
    url = {https://appetiser.com.au/blog/app-monetization/},
}

@article {task_5.3,
    author={Trask and Richard},
    year={2000},
    month={11},
    title={Developing e-partnerships.},
    journal={Association Management, 52(11), 46-52},
    url = {https://www.proquest.com/trade-journals/developing-e-partnerships/docview/229311519/se-2},
}

%========================================================================%

% Task6_Ariel
@book{question_6.1,
    author    = {Canziba, E.},
    title     = {Hands-on UX Design for Developers: Design, Prototype, and Implement Compelling User Experiences from Scratch.},
    publisher = {Packt Publishing, Limited},
    year      = {2018}
}

@INPROCEEDINGS{question_6.2,
  author={Ishaq, Kashif and Rosdi, Fadhilah and Zin, Nor Azan Mat and Abid, Adnan},
  booktitle={2021 International Conference on Innovative Computing (ICIC)}, 
  title={Heuristic And Think Aloud Method To Evaluate The Low Fidelity Prototype Of Game-Based Language Learning Application.}, 
  year={2021},
  pages={1-10},
  doi={10.1109/ICIC53490.2021.9693022}}


%========================================================================%
%Task7_Pip

@article{task_7.1,
    author={Holm and Anna B and Günzel Jensen and Franziska},
    year={2017},
    title={Succeeding with freemium: strategies for implementation.},
    journal={The Journal of business strategy, 38(2), 16-24},
    url= {https://www.proquest.com/scholarly-journals/succeeding-with-freemium-strategies/docview/1901642378/se-2},
}

@article {task_7.2,
    author = {Vineet Kumar},
    title = {\textit{Making Freemium Work.}},
    year = {2014},
    month = {May},
    url = {https://hbr.org/2014/05/making-freemium-work},
}


%========================================================================%

